%%
%% lab04.bib
%%

@book{concepts,
  author    = {Abraham Silberschatz and
               Peter Baer Galvin and
               Greg Gagne},
  title     = {Operating System Concepts (9. ed.)},
  publisher = {Wiley},
  year      = {2013},
  isbn      = {978-1-118-06333-0},
  ee        = {http://mitpress.mit.edu/catalog/item/default.asp?ttype=2{\&}tid=11866},
  bibsource = {DBLP, http://dblp.uni-trier.de}
}
